@book{Tipler.2012,
 author = {Tipler, Paul Allen and Mosca, Gene and Basler, Michael},
 year = {2012},
 title = {Physik f{\"u}r Wissenschaftler und Ingenieure: [der Begleiter bis zum Bachelor]},
 keywords = {Physik;Lehrbuch;Physics;Physik / Lehrbuch},
 address = {Berlin},
 edition = {6. dt. Aufl., korr. Nachdr},
 publisher = {Springer Spektrum},
 isbn = {9783827419453},
 series = {Lehrbuch}
}