% This file was created with Citavi 5.4.0.2

@book{Ziegler.2017,
 author = {Ziegler, Julius},
 year = {2017},
 title = {Optimale Trajektorienplanung f{\"u}r Automobile},
 address = {Karlsruhe, Baden},
 volume = {35},
 publisher = {{KIT Scientific Publishing}},
 isbn = {978-3-7315-0553-2},
 series = {Schriftenreihe / Institut f{\"u}r Mess- und Regelungstechnik, Karlsruher Institut f{\"u}r Technologie}
}


